@article{fu2019correlation,
  title={Correlation Filter-Based Visual Tracking for UAV with Online Multi-Feature Learning},
  author={Fu, Changhong and Lin, Fuling and Li, Yiming and Chen, Guang},
  journal={Remote Sensing},
  volume={11},
  number={5},
  pages={549},
  year={2019},
  publisher={Multidisciplinary Digital Publishing Institute}
}

@inproceedings{danelljan2014accurate,
  title={Accurate scale estimation for robust visual tracking},
  author={Danelljan, Martin and H{\"a}ger, Gustav and Khan, Fahad and Felsberg, Michael},
  booktitle={British Machine Vision Conference, Nottingham, September 1-5, 2014},
  year={2014},
  organization={BMVA Press}
}

@inproceedings{bolme2010visual,
  title={Visual object tracking using adaptive correlation filters},
  author={Bolme, David S and Beveridge, J Ross and Draper, Bruce A and Lui, Yui Man},
  booktitle={2010 IEEE Computer Society Conference on Computer Vision and Pattern Recognition},
  pages={2544--2550},
  year={2010},
  organization={IEEE}
}

@article{danelljan2016discriminative,
  title={Discriminative scale space tracking},
  author={Danelljan, Martin and H{\"a}ger, Gustav and Khan, Fahad Shahbaz and Felsberg, Michael},
  journal={IEEE transactions on pattern analysis and machine intelligence},
  volume={39},
  number={8},
  pages={1561--1575},
  year={2016},
  publisher={IEEE}
}

@article{felzenszwalb2009object,
  title={Object detection with discriminatively trained part-based models},
  author={Felzenszwalb, Pedro F and Girshick, Ross B and McAllester, David and Ramanan, Deva},
  journal={IEEE transactions on pattern analysis and machine intelligence},
  volume={32},
  number={9},
  pages={1627--1645},
  year={2009},
  publisher={IEEE}
}

@inproceedings{danelljan2014adaptive,
  title={Adaptive color attributes for real-time visual tracking},
  author={Danelljan, Martin and Shahbaz Khan, Fahad and Felsberg, Michael and Van de Weijer, Joost},
  booktitle={Proceedings of the IEEE Conference on Computer Vision and Pattern Recognition},
  pages={1090--1097},
  year={2014}
}

@article{chambon2005colour,
  title={Colour correlation-based matching},
  author={Chambon, Sylvie and Crouzil, Alain},
  journal={International Journal of Robotics and Automation},
  volume={20},
  number={2},
  pages={78--85},
  year={2005},
  publisher={Anaheim, Calif.; Calgary, Alta.: Acta Press,[1986]-}
}

@inproceedings{henriques2012exploiting,
  title={Exploiting the circulant structure of tracking-by-detection with kernels},
  author={Henriques, Jo{\~a}o F and Caseiro, Rui and Martins, Pedro and Batista, Jorge},
  booktitle={European conference on computer vision},
  pages={702--715},
  year={2012},
  organization={Springer}
}